<record><leader>00000cas a22000007a 4500</leader><controlfield tag="001">12599832</controlfield><controlfield tag="008">850925c19189999aluwr ne      0    0eng d</controlfield><datafield ind1=" " ind2=" " tag="010"><subfield code="a">sn 85044983 </subfield></datafield><datafield ind1=" " ind2=" " tag="040"><subfield code="a">ALM</subfield><subfield code="b">eng</subfield><subfield code="c">ALM</subfield><subfield code="d">CPN</subfield><subfield code="d">OCLCQ</subfield></datafield><datafield ind1=" " ind2=" " tag="042"><subfield code="a">msc</subfield></datafield><datafield ind1="0" ind2="0" tag="245"><subfield code="a">Abbeville herald.</subfield></datafield><datafield ind1=" " ind2=" " tag="260"><subfield code="a">Abbeville, Ala. :</subfield><subfield code="b">Abbeville Print. Co.</subfield></datafield><datafield ind1=" " ind2=" " tag="300"><subfield code="a">v.</subfield></datafield><datafield ind1=" " ind2=" " tag="310"><subfield code="a">Weekly</subfield></datafield><datafield ind1="1" ind2=" " tag="362"><subfield code="a">Began in 1918.</subfield></datafield><datafield ind1=" " ind2=" " tag="515"><subfield code="a">Numbering is irregular.</subfield></datafield><datafield ind1=" " ind2=" " tag="588"><subfield code="a">Description based on: Vol. 1, no. 5 (Jan. 2, 1919).</subfield></datafield><datafield ind1=" " ind2=" " tag="752"><subfield code="a">United States</subfield><subfield code="b">Alabama</subfield><subfield code="c">Henry</subfield><subfield code="d">Abbeville.</subfield></datafield><datafield ind1="0" ind2="0" tag="780"><subfield code="t">Southeast Alabamian</subfield><subfield code="w">(DLC)sn 86050337</subfield></datafield></record>